@article{osman2010controlling,
  title={Controlling uncertainty: a review of human behavior in complex dynamic environments.},
  author={Osman, Magda},
  journal={Psychological bulletin},
  volume={136},
  number={1},
  pages={65},
  year={2010},
  publisher={American Psychological Association}
}

@article{agrawal2011analysis,
  title={Analysis of Thompson sampling for the multi-armed bandit problem},
  author={Agrawal, Shipra and Goyal, Navin},
  journal={arXiv preprint arXiv:1111.1797},
  year={2011}
}

@INPROCEEDINGS{bramley2015staying,
  author = {Bramley, Neil R and Dayan, Peter and Lagnado, David A},
  title = {Staying afloat on Neurathâ€™s boat--Heuristics for sequential causal
  learning},
  booktitle = {Proceedings of the 37th Annual Conference of the Cognitive Science
  Society},
  year = {2015},
  pages = {262--267},
  publisher = {Austin, TX: Cognitive Science Society}
}

@phdthesis{duff2002optimal,
  title={Optimal Learning: Computational procedures for Bayes-adaptive Markov decision processes},
  author={Duff, Michael O'Gordon},
  year={2002},
  school={University of Massachusetts Amherst}
}

@inproceedings{hennig2011optimal,
  title={Optimal reinforcement learning for Gaussian systems},
  author={Hennig, Philipp},
  booktitle={Advances in Neural Information Processing Systems},
  pages={325--333},
  year={2011}
}

@article{feldbaum1960dual,
  title={Dual control theory. I},
  author={Feldbaum, AA},
  journal={Avtomatika i Telemekhanika},
  volume={21},
  number={9},
  pages={1240--1249},
  year={1960}
}

@article{klenske2015dual,
  title={Dual Control for Approximate Bayesian Reinforcement Learning},
  author={Klenske, Edgar D and Hennig, Philipp},
  journal={arXiv preprint arXiv:1510.03591},
  year={2015}
}

@inproceedings{parpart2015active,
  title={Active learning as a means to distinguish among prominent decision strategies},
  author={Parpart, Paula and Schulz, Eric and Speekenbrink, Maarten and Love, Bradley C.},
  booktitle={Proceedings of the Thirty-Seventh Annual Conference of the Cognitive Science Society},
  year={2015}
}


@incollection{poupart2010bayesian,
  title={Bayesian reinforcement learning},
  author={Poupart, Pascal},
  booktitle={Encyclopedia of Machine Learning},
  pages={90--93},
  year={2010},
  publisher={Springer}
}

@article{schulzexploration,
  title={Exploration-Exploitation in a Contextual Multi-Armed Bandit Task},
  author={Schulz, Eric and Konstantinidis, Emmanouil and Speekenbrink, Maarten},
  year={2015}
}

@article{schulzlearning,
  title={Learning and decisions in contextual multi-armed bandit tasks},
  author={Schulz, Eric and Konstantinidis, Emmanouil and Speekenbrink, Maarten},
  year={2015}
}

@article{srinivas2009gaussian,
  title={Gaussian process optimization in the bandit setting: No regret and experimental design},
  author={Srinivas, Niranjan and Krause, Andreas and Kakade, Sham M and Seeger, Matthias},
  journal={arXiv preprint arXiv:0912.3995},
  year={2009}
}

@incollection{vlassis2012bayesian,
  title={Bayesian reinforcement learning},
  author={Vlassis, Nikos and Ghavamzadeh, Mohammad and Mannor, Shie and Poupart, Pascal},
  booktitle={Reinforcement Learning},
  pages={359--386},
  year={2012},
  publisher={Springer}
}
